@misc{Article,
  author = {Kerry Eustice},
  title = {How to build a university mobile application: best practice and insight},
  month = {Decembre},
  year = {2011},
  note = {\url{http://www.guardian.co.uk/higher-education-network/2011/dec/08/building-university-mobile-apps}},
  urldate = {16/01/2013}
}

@Book{AndroidBook,
  author = {Rick Rogers and John Lombardo and Zigurd Mednieks and Blake Meike},
  title = {Android Application Development},
  publisher = {O'REILLY},
  year = {2009},
  edition = {First}
}

@misc{AndroidSDK,
  author = {Google}, 
  title = {Android Developers},
  note = {\url{http://developer.android.com/develop/index.html}},
  urldate = {16/01/2013}
}

@misc{gReader,
  author = {Google}, 
  title = {g{R}eader},
  month = {Septembre},
  year = {2007},
  note = {\url{https://play.google.com/store/apps/details?id=com.noinnion.android.greader.reader&hl=en}},
  urldate = {16/01/2013}
}

@misc{uMontreal,
  author = {DGTIC Université de Montréal},
  title = {u{M}ontréal},
  month = {Septembre},
  year = {2012},
  note = {\url{http://www.umontreal.ca/mobile/}},
  urldate = {16/01/2013}
}

@misc{Blackboard,
  author = {Blackboard},
  title = {Blackboard {M}obile},
  year = {2009},
  note = {\url{http://www.blackboard.com/platforms/mobile/overview.aspx}},
  urldate = {16/01/2013}
}

@misc{iStanford,
  author = {Stanford},
  title = {i{S}tanford},
  year = {2012},
  month = {Juillet},
  note = {\url{https://play.google.com/store/apps/details?id=com.blackboard.android.central.stanford&hl=en}},
  urldate = {16/01/2013}
}

@misc{Feedgoal,
  author = {FeedGoal},
  note = {\url{http://code.google.com/p/feedgoal/}},
  urldate = {18/01/2013}
}

@misc{Android-RSS,
  author = {Android-RSS},
  note = {\url{http://code.google.com/p/android-rss/}},
  urldate = {18/01/2013}
}

@misc{AnnuaireBdx1,
  author = {Université de Bordeaux 1},
  title = {Annuaire},
  year = {2013},
  note = {\url{http://www.u-bordeaux1.fr/no-cache/annuaires/annuaire-des-personnes.html}},
  urldate = {18/01/2013}
}

@misc{fluxBDX1,
  author = {Bordeaux 1},
  title = {Flux {RSS} de {B}ordeaux 1},
  note = {\url{http://www.u-bordeaux1.fr/pages-speciales/abonnement-aux-flux-rss.html}},
  urldate = {18/01/2013}
}

@misc{EdTxml,
  author = {Celcat.fr},
  title = {Emplois du Temps},
  note = {\url{http://www.disvu.u-bordeaux1.fr/et/edt_etudiants2/Master/Semestre2/g56017.xml}},
  urldate = {18/01/2013}
}

@misc{labriForum,
  author = {Savel Guilhem},
  title = {Accès à l'annuaire des comptes mails},
  year = {2012},
  month = {Octobre},
  note = {\url{https://sos.labri.fr/sos/glpi/front/helpdesk.faq.php?id=78}},
  urldate = {23/01/2013}
}

@book{analyseTextuelle,
  author = {Daniel JURAFSKY \& James H. MARTIN},
  title = {Speech and language processing},
  year = {2000}
}

@book{ProgAndroid,
  author = {Mark Murphy},
  title = {L'art du développement Android 2e edition},
  note = {Chapitre 24},
  year = {2010}
}

@misc{unboundId,
  author = {UnboundID},
  title = {LDAP SDK for Java},
  note = {\url{https://www.unboundid.com/products/ldap-sdk/}},
  urldate = {08/04/2013}
}

@misc{jsoup,
  author = {Jsoup},
  note = {\url{http://jsoup.org/}},
  urldate = {08/04/2013}
}

@misc{slidingMenu,
  author = {Jeremy Feinstein},
  title = {SlidingMenu},
  note = {\url{https://github.com/jfeinstein10/SlidingMenu}},
  urldate = {08/04/2013}
}

@misc{robotium,
  author = {Robotium},
  note = {\url{https://code.google.com/p/robotium/}},
  urldate = {08/04/2013}
}